% Delete this file and replace with library
@book{ostrom_governing_1990,
	title = {Governing the commons: {The} evolution of institutions for collective action},
	isbn = {0-521-40599-8},
	publisher = {Cambridge university press},
	author = {Ostrom, Elinor},
	year = {1990},
	note = {Type: Book},
}
